<?xml version="1.0" encoding="UTF-8"?><collection xmlns="http://www.loc.gov/MARC21/slim"><record><leader>00336nam--2200133-i-4500</leader><controlfield tag="001">000002931</controlfield><controlfield tag="002">20161230</controlfield><controlfield tag="005">20161230201025</controlfield><controlfield tag="008">060222s1000------------r-----000-0-eng-d</controlfield><datafield ind1=" " ind2=" " tag="100"><subfield code="a">Boon, Dr.S.D</subfield></datafield><datafield ind1=" " ind2=" " tag="245"><subfield code="a">Germaniumdioden</subfield></datafield><datafield ind1=" " ind2=" " tag="260"><subfield code="a">/Eindhoven/ Philips Technische Bibliotheek, 1954</subfield></datafield><datafield ind1=" " ind2=" " tag="490"><subfield code="a">Viii + 89 P.Cu Fig</subfield></datafield><datafield ind1=" " ind2=" " tag="852"><subfield code="a">11.235.47</subfield></datafield></record></collection>